@inproceedings{shadetrees,
 author = {Cook, Robert L.},
 title = {Shade trees},
 booktitle = {SIGGRAPH '84: Proceedings of the 11th annual conference on Computer graphics and interactive techniques},
 year = {1984},
 isbn = {0-89791-138-5},
 pages = {223--231},
 doi = {http://doi.acm.org/10.1145/800031.808602},
 publisher = {ACM},
 address = {New York, NY, USA},
 url = {http://graphics.pixar.com/ShadeTrees/paper.pdf}
}

@inproceedings{pixelstreams,
 author = {Ken Perlin},
 title = {{An image synthesizer}},
 booktitle = {{SIGGRAPH '85: Proceedings of the 12th annual conference on Computer graphics and interactive techniques}},
 year = {1985},
 isbn = {0-89791-166-0},
 pages = {287--296},
 doi = {http://doi.acm.org/10.1145/325334.325247},
 publisher = {ACM},
 address = {New York, NY, USA},
 }

@inproceedings{renderman,
 author = {Hanrahan, Pat and Lawson, Jim},
 title = {A language for shading and lighting calculations},
 booktitle = {SIGGRAPH '90: Proceedings of the 17th annual conference on Computer graphics and interactive techniques},
 year = {1990},
 isbn = {0-89791-344-2},
 pages = {289--298},
 location = {Dallas, TX, USA},
 doi = {http://doi.acm.org/10.1145/97879.97911},
 publisher = {ACM},
 address = {New York, NY, USA},
 url = {http://graphics.lcs.mit.edu/~ericchan/bib/pdf/p289-hanrahan.pdf}
 }

@inproceedings{cgpaper,
 author = {William R. Mark and R. Steven Glanville and Kurt Akeley and Mark J. Kilgard},
 title = {{Cg: a system for programming graphics hardware in a C-like language}},
 booktitle = {{SIGGRAPH '03: ACM SIGGRAPH 2003 Papers}},
 year = {2003},
 isbn = {1-58113-709-5},
 pages = {896--907},
 location = {San Diego, California},
 doi = {http://doi.acm.org/10.1145/1201775.882362},
 publisher = {ACM},
 address = {New York, NY, USA},
 url = {http://www.cs.utexas.edu/users/billmark/papers/Cg/cgpaper.pdf}
 }

@inproceedings{pixelflow_comp,
 author = {Molnar, Steven and Eyles, John and Poulton, John},
 title = {PixelFlow: high-speed rendering using image composition},
 booktitle = {SIGGRAPH '92: Proceedings of the 19th annual conference on Computer graphics and interactive techniques},
 year = {1992},
 isbn = {0-89791-479-1},
 pages = {231--240},
 doi = {http://doi.acm.org/10.1145/133994.134067},
 publisher = {ACM},
 address = {New York, NY, USA},
 url = {http://www.cs.unc.edu/~pxpl/papers/high-speed_rendering.pdf}
 }

@inproceedings{pixelflow_shading,
 author = {Lastra, Anselmo and Molnar, Steven and Olano, Marc and Wang, Yulan},
 title = {Real-time programmable shading},
 booktitle = {SI3D '95: Proceedings of the 1995 symposium on Interactive 3D graphics},
 year = {1995},
 isbn = {0-89791-736-7},
 pages = {59--ff.},
 location = {Monterey, California, United States},
 doi = {http://doi.acm.org/10.1145/199404.199414},
 publisher = {ACM},
 address = {New York, NY, USA},
 url = {http://www.cs.unc.edu/~pxfl/papers/Shading95.pdf}
 }

@inproceedings{stanford_rtsl,
 author = {Kekoa Proudfoot and William R. Mark and Svetoslav Tzvetkov and Pat Hanrahan},
 title = {{A real-time procedural shading system for programmable graphics hardware}},
 booktitle = {{SIGGRAPH '01: Proceedings of the 28th annual conference on Computer graphics and interactive techniques}},
 year = {2001},
 isbn = {1-58113-374-X},
 pages = {159--170},
 doi = {http://doi.acm.org/10.1145/383259.383275},
 publisher = {ACM},
 address = {New York, NY, USA},
 url = {http://graphics.stanford.edu/projects/shading/pubs/sig2001/}
 }

@misc{cgi_history,
 author = {Wayne Carlson},
 title = {{A Critical History of Computer Graphics and Animation}},
 booktitle = {{Vorlesung}},
 year = {{2003}},
 publisher = {Ohio State University},
 address = {Columbus, OH, USA},
 url = {http://design.osu.edu/carlson/history/ID797.html},
 note = {abgerufen 28.09.2008}
}

@misc{ wiki:renderman_language,
  author = "Larry Gritz",
  title = "What implementations of the RenderMan standard are available? --- RenderMan FAQ",
  year = 2002,
  url = {http://www.faqs.org/faqs/graphics/renderman-faq/},
  note = {abgerufen 15.11.2008}
}

@book{watt_de,
 author = {Alan Watt},
 title = {{3D-Computergrafik}},
 year = {2002},
 publisher = {Pearson Studium},
 address = {München},
 isbn = {3-8273-7014-0},
 edition = {3.}
} 

@misc{cuda_home,
 author = {{NVIDIA Corporation}},
 title = {{CUDA Zone}},
 year = {{2009}},
 url = {http://www.nvidia.com/object/cuda_home.html},
 note = {abgerufen 03.11.2009}
}

@misc{cuda_guide,
 author = {{NVIDIA Corporation}},
 title = {{CUDA 2.3 Programming Guide}},
 year = {{2009}},
 month = {August},
 day = {26},
 url = {http://developer.download.nvidia.com/compute/cuda/2_3/toolkit/docs/NVIDIA_CUDA_Programming_Guide_2.3.pdf},
 note = {abgerufen 04.11.2009}
}

@misc{opencl_spec,
 author = {{Khronos OpenCL Working Group}},
 title = {{The OpenCL Specification}},
 editor = {Aaftab Munshi},
 year = {{2009}},
 month = {Oktober},
 day = {6},
 url = {http://www.khronos.org/registry/cl/},
 note = {Revision 48, abgerufen 04.11.2009}
}

@manual{unicode,
 organization = {The Unicode Consortium},
 title = {{The Unicode Standard, Version 5.2}},
 year = {{2009}},
 url = {http://www.unicode.org/versions/Unicode5.2.0/},
 note = {abgerufen 01.12.2009}
}

@manual{glspec4,
 organization = {The Khronos Group},
 title = {{The OpenGL Specification, Version 4.0}},
 key = {OGL},
 year = {{2010}},
 month = {März},
 day = {11},
 url = {http://www.opengl.org/registry/},
 note = {{abgerufen 13.02.2010}}
}

@manual{dx10,
 organization = {{Microsoft Corporation}},
 title = {{Direct3D 10 Graphics}},
 key = {D3D},
 year = {{2009}},
 month = {August},
 url = {http://msdn.microsoft.com/en-us/library/ee415646(v=VS.85).aspx},
 note = {{abgerufen 14.02.2010}}
}
